@unpublished{cheaney,
    author = "Kyle Cheaney",
    title = "An Introduction to Inverse Semigroups and Their Connections To C*-Algebras",
    month = "August",
    year = "2025",
    note = "Undergraduate Honours Project"
}

@book{raeburn,
    author = "Iain Raeburn",
    title = "Graph Algebras",
    publisher = "American Mathematical Society",
    year = "2005",
    series = "Regional Conference Series in Mathematics",
    number = "103"
}

@misc{lawson
    author = "Mark V Lawson",
    title = "Primer on Inverse Semigroups I",
    note = (arXiv:2006.01628)
}

@mastersthesis{gondek
    author = "Joseph Gondek",
    year = "2024",
    school = "Carleton University",
    title = "On the amenability of inverse semigroup actions"
}

@article{pardoortega,
    author = "Eduard Ortega and Enrique Pardo",
    journal = "Transactions of the American Mathematical Society",
    volume = "373",
    number = "7",
    pages = "5199-5234",
    month = "April",
    year = "2020"
}

@article{exel,
    author = "Ruy Exel",
    journal = "Bulletin Of The Brazilian Mathematical Society",
    volume = "39",
    number = "2",
    month = "June",
    year = "2008",
    title = "Inverse semigroups and combinatorial C*-algebras",
    pages = "191--313"
}
